<record><leader>00000cas a22000007a 4500</leader><controlfield tag="001">10588433</controlfield><controlfield tag="008">840403d19331951ohudn ne      0    0eng d</controlfield><datafield ind1=" " ind2=" " tag="010"><subfield code="a">sn 84028215 </subfield></datafield><datafield ind1=" " ind2=" " tag="040"><subfield code="a">NPY</subfield><subfield code="b">eng</subfield><subfield code="c">NPY</subfield><subfield code="d">ONP</subfield><subfield code="d">OCLCQ</subfield></datafield><datafield ind1=" " ind2=" " tag="042"><subfield code="a">msc</subfield></datafield><datafield ind1="0" ind2=" " tag="130"><subfield code="a">Lake County news-herald (Willoughby, Ohio : 1933)</subfield></datafield><datafield ind1="1" ind2="4" tag="245"><subfield code="a">The Lake County news-herald.</subfield></datafield><datafield ind1=" " ind2=" " tag="260"><subfield code="a">Willoughby, Ohio :</subfield><subfield code="b">Willoughby News Pub. Co.,</subfield><subfield code="c">1933-1951.</subfield></datafield><datafield ind1=" " ind2=" " tag="300"><subfield code="a">v.</subfield></datafield><datafield ind1=" " ind2=" " tag="310"><subfield code="a">Daily (except Sun.),</subfield><subfield code="b">1949?-1952</subfield></datafield><datafield ind1=" " ind2=" " tag="321"><subfield code="a">Weekly,</subfield><subfield code="b">1933-Aug., 1938</subfield></datafield><datafield ind1=" " ind2=" " tag="321"><subfield code="a">Semiweekly,</subfield><subfield code="b">Sept. 1938-1946?</subfield></datafield><datafield ind1=" " ind2=" " tag="321"><subfield code="a">Triweekly,</subfield><subfield code="b">&lt;1946&gt;-1948?</subfield></datafield><datafield ind1="0" ind2=" " tag="362"><subfield code="a">40th year, no. 36 (Mar. 3, 1933)-57th year, no. 211 (Oct. 26, 1951).</subfield></datafield><datafield ind1=" " ind2="4" tag="651"><subfield code="a">Willoughby (Ohio)</subfield><subfield code="v">Newspapers.</subfield></datafield><datafield ind1=" " ind2="4" tag="651"><subfield code="a">Lake County (Ohio)</subfield><subfield code="v">Newspapers.</subfield></datafield><datafield ind1=" " ind2=" " tag="752"><subfield code="a">United States</subfield><subfield code="b">Ohio</subfield><subfield code="c">Lake</subfield><subfield code="d">Willoughby.</subfield></datafield><datafield ind1="0" ind2="1" tag="780"><subfield code="t">Lake County Republican herald</subfield><subfield code="w">(DLC)sn 84028214</subfield></datafield><datafield ind1="0" ind2="1" tag="780"><subfield code="t">Willoughby news (Willoughby, Ohio : 1932)</subfield><subfield code="w">(DLC)sn 90068507</subfield></datafield><datafield ind1="0" ind2="0" tag="785"><subfield code="t">News-herald (Willoughby, Ohio)</subfield><subfield code="w">(DLC)sn 84028216</subfield></datafield></record>